<?xml version="1.0" encoding="UTF-8"?>
<record xmlns="http://www.loc.gov/MARC21/slim">
   <leader>00789nam a22001933a 4500</leader>
   <controlfield tag="001">000007786095</controlfield>
   <controlfield tag="003">CaOOAMICUS</controlfield>
   <controlfield tag="005">19880208      .0</controlfield>
   <controlfield tag="008">880208s1988    xxca         s00010 eng  </controlfield>
   <datafield tag="040" ind1=" " ind2=" ">
      <subfield code="a">CaOONLC</subfield>
      <subfield code="b">eng</subfield>
      <subfield code="c">CaOONLC</subfield>
   </datafield>
   <datafield tag="240" ind1="0" ind2="0">
      <subfield code="a">Plumbing information for residential property owners./ </subfield>
   </datafield>
   <datafield tag="245" ind1="0" ind2="0">
      <subfield code="a">Plumbing information for residential property owners 1988</subfield>
   </datafield>
   <datafield tag="260" ind1="0" ind2=" ">
      <subfield code="a">Edmonton :</subfield>
      <subfield code="b">Alberta Labour, General Safety Services Division, Plumbing &amp; Gas Safety Services Branch,</subfield>
      <subfield code="c">[1988?].</subfield>
   </datafield>
   <datafield tag="300" ind1=" " ind2=" ">
      <subfield code="a">[14] p.</subfield>
   </datafield>
   <datafield tag="710" ind1="1" ind2="0">
      <subfield code="a">Alberta.</subfield>
      <subfield code="b">Plumbing and Gas Safety Services Branch.</subfield>
   </datafield>
   <datafield tag="852" ind1=" " ind2=" ">
      <subfield code="9">1</subfield>
      <subfield code="a">CaOONL</subfield>
      <subfield code="z">ILL: no</subfield>
   </datafield>
   <datafield tag="910" ind1="1" ind2="0">
      <subfield code="a">Alberta.</subfield>
      <subfield code="b">Alberta Labour.</subfield>
      <subfield code="b">General Safety Services Division.</subfield>
      <subfield code="b">Plumbing and Gas Safety Services Branch.</subfield>
   </datafield>
   <datafield tag="910" ind1="1" ind2="0">
      <subfield code="a">Alberta.</subfield>
      <subfield code="b">Alberta Labour.</subfield>
      <subfield code="b">Plumbing and Gas Safety Services Branch.</subfield>
   </datafield>
   <datafield tag="990" ind1="1" ind2="0">
      <subfield code="a">91001abbb</subfield>
      <subfield code="b">71001ab</subfield>
   </datafield>
   <datafield tag="990" ind1="1" ind2="0">
      <subfield code="a">91002abb</subfield>
      <subfield code="b">71001ab</subfield>
   </datafield>
</record>
